@misc{mnih2013playing,
      title={Playing Atari with Deep Reinforcement Learning}, 
      author={Volodymyr Mnih and Koray Kavukcuoglu and David Silver and Alex Graves and Ioannis Antonoglou and Daan Wierstra and Martin Riedmiller},
      year={2013},
      eprint={1312.5602},
      archivePrefix={arXiv},
      primaryClass={cs.LG}
}

@misc{brockman2016openai,
      title={OpenAI Gym}, 
      author={Greg Brockman and Vicki Cheung and Ludwig Pettersson and Jonas Schneider and John Schulman and Jie Tang and Wojciech Zaremba},
      year={2016},
      eprint={1606.01540},
      archivePrefix={arXiv},
      primaryClass={cs.LG}
}

@book{Plaat2022,
      doi = {10.1007/978-981-19-0638-1},
      url = {https://doi.org/10.1007/978-981-19-0638-1},
      year = {2022},
      publisher = {Springer Nature Singapore},
      author = {Aske Plaat},
      title = {Deep Reinforcement Learning}
}

@misc{haber_2023,
      title={CART pole control environment in Openai Gym (gymnasium)- introduction to openai gym},
      url={https://aleksandarhaber.com/cart-pole-control-environment-in-openai-gym-gymnasium-introduction-to-openai-gym/},
      journal={Fusion of Engineering Control Coding Machine Learning and Science},
      author={Haber, Aleksandar},
      year={2023},
      month={Jan}
} 
 
@misc{duchi,
      title={CS229 Supplemental Lecture notes Hoeffding's inequality},
      url={http://cs229.stanford.edu/extra-notes/hoeffding.pdf},
      author={Duchi, John},
      year={2016}
} 

@misc{he2015delving,
      title={Delving Deep into Rectifiers: Surpassing Human-Level Performance on ImageNet Classification}, 
      author={Kaiming He and Xiangyu Zhang and Shaoqing Ren and Jian Sun},
      year={2015},
      eprint={1502.01852},
      archivePrefix={arXiv},
      primaryClass={cs.CV}
}

@misc{mnih2015human,
      title={Human-level control through deep reinforcement learning}, 
      author={Volodymyr Mnih and Koray Kavukcuoglu and David Silver and Alex Graves and Ioannis Antonoglou and Daan Wierstra and Martin Riedmiller},
      year={2015},
      eprint={1312.5602},
      archivePrefix={arXiv},
      primaryClass={cs.LG}
}
